@misc{website:cnnic-39,
 author={CNNIC},
 title={第39次中国互联网统计报告},
 year={2016},
 howpublished="\url{http://www.cnnic.net.cn/hlwfzyj/hlwxzbg/hlwtjbg/201701/t20170122_66437.htm}",
 lang={zh}
}

@article{cxq2014Survey,
  title={大数据系统和分析技术综述},
  author={程学旗 and 靳小龙 and 王元卓 and 郭嘉丰 and 张铁赢 and 李国杰},
  journal={软件学报},
  year={2014},
  pages={1889--1908},
  volume={25},
  number={9}
}

@article{sun2013bdsc,
	title={大数据流式计算：关键技术及系统实例},
	author={孙大为 and 张广艳 and 郑纬民},
	journal={软件学报},
	year={2014},
	volume={25},
	number={4},
	pages={839-862}
}

@INPROCEEDINGS{Domingos01catchingup,
author = {Pedro Domingos and Geoff Hulten},
title = {Catching Up with the Data: Research Issues in Mining Data Streams},
booktitle = {In Workshop on Research Issues in Data Mining and Knowledge Discovery},
year = {2001}
}


@article{Liu:2011:PPL:1961189.1961198,
title={PLDA+: Parallel latent dirichlet allocation with data placement and pipeline processing},
author={Liu, Zhiyuan and Zhang, Yuzhou and Chang, Edward Y and Sun, Maosong},
journal={ACM Transactions on Intelligent Systems and Technology},
volume={2},
number={3},
pages={26},
year={2011}}
    

@article{Peacock,
	author={Wang, Yi and Zhao, Xuemin and Sun, Zhenlong and Yan, Hao and Wang, Lifeng and Jin, Zhihui and Wang, Liubin and Gao, Yang and Zeng, Jia and Yang, Qiang and Law, Ching},
	title={Towards Topic Modeling for Big Data},
    journal={ACM Trans. Intell. Syst. Technol.},
	year={2014},
	volume={9},
	number={4}
}

@phdthesis{minku2011online,
title={Online ensemble learning in the presence of concept drift},
author={Minku, Leandro Lei},
year={2011},
school={University of Birmingham}
}

@inproceedings{zliobaite2011moa,
title={MOA Concept Drift Active Learning Strategies for Streaming Data.},
author={Zliobaite, Indre and Bifet, Albert and Holmes, Geoff and Pfahringer, Bernhard},
booktitle={WAPA},
pages={48--55},
year={2011}
}

@article{hand1999statistics,
  title={Statistics and data mining: intersecting disciplines},
  author={Hand, David J},
  journal={ACM SIGKDD Explorations Newsletter},
volume={1},
number={1},
pages={16--19},
year={1999},
publisher={ACM}
}

@book{hand2001principles,
	title={Principles of data mining},
	author={Hand, David J and Mannila, Heikki and Smyth, Padhraic},
	year={2001},
	publisher={MIT press}
}

@article{nialladamsadvances,
  title={Advances in Intelligent Data Analysis},
  author={NiallAdams, FrankHoffmann DavidJ Hand and Guimaraes, Douglas Fisher Gabriela}
}

@article{park2002distributed,
  title={Distributed data mining: Algorithms, systems, and applications},
  author={Park, Byung-Hoon and Kargupta, Hillol},
  year={2002},
  publisher={Citeseer}
}


@inproceedings{domingos2001general,
  title={A general method for scaling up machine learning algorithms and its application to clustering},
  author={Domingos, Pedro and Hulten, Geoff},
  booktitle={ICML},
  volume={1},
  pages={106--113},
  year={2001}
}

@inproceedings{babcock2003load,
  title={Load shedding techniques for data stream systems},
  author={Babcock, Brian and Datar, Mayur and Motwani, Rajeev and others},
  booktitle={Proceedings of the 2003 Workshop on Management and Processing of Data Streams},
  volume={577},
  year={2003},
  organization={Citeseer}
}

@inproceedings{tatbul2003load,
  title={Load shedding on data streams},
  author={Tatbul, Nesime and {\c{C}}etintemel, Ugur and Zdonik, Stan and Cherniack, Mitch and Stonebraker, Michael},
  booktitle={Proceedings of the Workshop on Management and Processing of Data Streams (MPDS 03), San Diego, CA, USA},
  year={2003}
}

@article{muthukrishnan2005data,
  title={Data streams: Algorithms and applications},
  author={Muthukrishnan, Shanmugavelayutham and others},
  journal={Foundations and Trends{\textregistered} in Theoretical Computer Science},
  volume={1},
  number={2},
  pages={117--236},
  year={2005},
  publisher={Now Publishers, Inc.}
}

@article{cormode2005s,
  title={What's hot and what's not: tracking most frequent items dynamically},
  author={Cormode, Graham and Muthukrishnan, Shan},
  journal={ACM Transactions on Database Systems (TODS)},
  volume={30},
  number={1},
  pages={249--278},
  year={2005},
  publisher={ACM}
}

@inproceedings{dong2003online,
  title={Online mining of changes from data streams: Research problems and preliminary results},
  author={Dong, Guozhu and Han, Jiawei and Lakshmanan, Laks VS and Pei, Jian and Wang, Haixun and Yu, Philip S},
  booktitle={Proceedings of the 2003 ACM SIGMOD Workshop on Management and Processing of Data Streams},
  pages={739--747},
  year={2003}
}

@incollection{gaber2005board,
  title={On-board mining of data streams in sensor networks},
  author={Gaber, Mohamed Medhat and Krishnaswamy, Shonali and Zaslavsky, Arkady},
  booktitle={Advanced methods for knowledge discovery from complex data},
  pages={307--335},
  year={2005},
  publisher={Springer}
}

@inproceedings{gaber2004cost,
  title={A cost-efficient model for ubiquitous data stream mining},
  author={Gaber, Mohamed Medhat and Krishnaswamy, Shonali and Zaslavsky, Arkady},
  booktitle={International Conference on Information Processing and Management of Uncertainty in Knowledge-Based Systems: 04/07/2004-09/07/2004},
  year={2004},
  organization={Casa Editrice Universita'La Sapienza}
}

@inproceedings{gaber2004towards,
  title={Towards an adaptive approach for mining data streams in resource constrained environments},
  author={Gaber, Mohamed Medhat and Zaslavsky, Arkady and Krishnaswamy, Shonali},
  booktitle={International Conference on Data Warehousing and Knowledge Discovery},
  pages={189--198},
  year={2004},
  organization={Springer}
}
@inproceedings{greenwald2001space,
  title={Space-efficient online computation of quantile summaries},
  author={Greenwald, Michael and Khanna, Sanjeev},
  booktitle={ACM SIGMOD Record},
  volume={30},
  number={2},
  pages={58--66},
  year={2001},
  organization={ACM}
}

@inproceedings{manku2002approximate,
  title={Approximate frequency counts over data streams},
  author={Manku, Gurmeet Singh and Motwani, Rajeev},
  booktitle={Proceedings of the 28th international conference on Very Large Data Bases},
  pages={346--357},
  year={2002},
  organization={VLDB Endowment}
}

@inproceedings{gibbons2001distinct,
  title={Distinct sampling for highly-accurate answers to distinct values queries and event reports},
  author={Gibbons, Phillip B},
  booktitle={VLDB},
  volume={1},
  pages={541--550},
  year={2001}
}

@inproceedings{alon1996space,
  title={The space complexity of approximating the frequency moments},
  author={Alon, Noga and Matias, Yossi and Szegedy, Mario},
  booktitle={Proceedings of the twenty-eighth annual ACM symposium on Theory of computing},
  pages={20--29},
  year={1996},
  organization={ACM}
}

@inproceedings{gilbert2001surfing,
  title={Surfing wavelets on streams: One-pass summaries for approximate aggregate queries},
  author={Gilbert, Anna C and Kotidis, Yannis and Muthukrishnan, S and Strauss, Martin},
  booktitle={VLDB},
  volume={1},
  pages={79--88},
  year={2001}
}

@inproceedings{charikar2002finding,
  title={Finding frequent items in data streams},
  author={Charikar, Moses and Chen, Kevin and Farach-Colton, Martin},
  booktitle={International Colloquium on Automata, Languages, and Programming},
  pages={693--703},
  year={2002},
  organization={Springer}
}

@article{broder2004network,
  title={Network applications of bloom filters: A survey},
  author={Broder, Andrei and Mitzenmacher, Michael},
  journal={Internet mathematics},
  volume={1},
  number={4},
  pages={485--509},
  year={2004},
  publisher={Taylor \& Francis}
}

@inproceedings{indyk2000stable,
  title={Stable distributions, pseudorandom generators, embeddings and data stream computation},
  author={Indyk, Piotr},
  booktitle={Foundations of Computer Science, 2000. Proceedings. 41st Annual Symposium on},
  pages={189--197},
  year={2000},
  organization={IEEE}
}

@inproceedings{gilbert2002fast,
  title={Fast, small-space algorithms for approximate histogram maintenance},
  author={Gilbert, Anna C and Guha, Sudipto and Indyk, Piotr and Kotidis, Yannis and Muthukrishnan, Sivaramakrishnan and Strauss, Martin J},
  booktitle={Proceedings of the thiry-fourth annual ACM symposium on Theory of computing},
  pages={389--398},
  year={2002},
  organization={ACM}
}

@article{feigenbaum2002approximate,
  title={An approximate L 1-difference algorithm for massive data streams},
  author={Feigenbaum, Joan and Kannan, Sampath and Strauss, Martin J and Viswanathan, Mahesh},
  journal={SIAM Journal on Computing},
  volume={32},
  number={1},
  pages={131--151},
  year={2002},
  publisher={SIAM}
}

@inproceedings{cormode2003estimating,
  title={Estimating dominance norms of multiple data streams},
  author={Cormode, Graham and Muthukrishnan, S},
  booktitle={European Symposium on Algorithms},
  pages={148--160},
  year={2003},
  organization={Springer}
}

@article{rosenblatt1958perceptron,
  title={The perceptron: A probabilistic model for information storage and organization in the brain.},
  author={Rosenblatt, Frank},
  journal={Psychological review},
  volume={65},
  number={6},
  pages={386},
  year={1958},
  publisher={American Psychological Association}
}

@book{baeza1999modern,
  title={Modern information retrieval},
  author={Baeza-Yates, Ricardo and Ribeiro-Neto, Berthier and others},
  volume={463},
  year={1999},
  publisher={ACM press New York}
}

@article{salton1986introduction,
  title={Introduction to modern information retrieval},
  author={Salton, Gerard and McGill, Michael J},
  year={1986},
  publisher={McGraw-Hill, Inc.}
}

@article{deerwester1990indexing,
  title={Indexing by latent semantic analysis},
  author={Deerwester, Scott and Dumais, Susan T and Furnas, George W and Landauer, Thomas K and Harshman, Richard},
  journal={Journal of the American society for information science},
  volume={41},
  number={6},
  pages={391},
  year={1990},
  publisher={American Documentation Institute}
}

@inproceedings{hofmann1999probabilistic,
  title={Probabilistic latent semantic analysis},
  author={Hofmann, Thomas},
  booktitle={Proceedings of the Fifteenth conference on Uncertainty in artificial intelligence},
  pages={289--296},
  year={1999},
  organization={Morgan Kaufmann Publishers Inc.}
}

@article{blei2003latent,
  title={Latent dirichlet allocation},
  author={Blei, David M and Ng, Andrew Y and Jordan, Michael I},
  journal={Journal of machine Learning research},
  volume={3},
  number={Jan},
  pages={993--1022},
  year={2003}
}

@inproceedings{blei2006dynamic,
  title={Dynamic topic models},
  author={Blei, David M and Lafferty, John D},
  booktitle={Proceedings of the 23rd international conference on Machine learning},
  pages={113--120},
  year={2006},
  organization={ACM}
}

@inproceedings{wang2006topics,
  title={Topics over time: a non-Markov continuous-time model of topical trends},
  author={Wang, Xuerui and McCallum, Andrew},
  booktitle={Proceedings of the 12th ACM SIGKDD international conference on Knowledge discovery and data mining},
  pages={424--433},
  year={2006},
  organization={ACM}
}

@article{wang2012continuous,
  title={Continuous time dynamic topic models},
  author={Wang, Chong and Blei, David and Heckerman, David},
  journal={arXiv preprint arXiv:1206.3298},
  year={2012}
}

@inproceedings{wallach2006topic,
  title={Topic modeling: beyond bag-of-words},
  author={Wallach, Hanna M},
  booktitle={Proceedings of the 23rd international conference on Machine learning},
  pages={977--984},
  year={2006},
  organization={ACM}
}

@inproceedings{yan2013biterm,
  title={A biterm topic model for short texts},
  author={Yan, Xiaohui and Guo, Jiafeng and Lan, Yanyan and Cheng, Xueqi},
  booktitle={Proceedings of the 22nd international conference on World Wide Web},
  pages={1445--1456},
  year={2013},
  organization={ACM}
}

@inproceedings{mei2006mixture,
  title={A mixture model for contextual text mining},
  author={Mei, Qiaozhu and Zhai, ChengXiang},
  booktitle={Proceedings of the 12th ACM SIGKDD international conference on Knowledge discovery and data mining},
  pages={649--655},
  year={2006},
  organization={ACM}
}

@inproceedings{mei2006probabilistic,
  title={A probabilistic approach to spatiotemporal theme pattern mining on weblogs},
  author={Mei, Qiaozhu and Liu, Chao and Su, Hang and Zhai, ChengXiang},
  booktitle={Proceedings of the 15th international conference on World Wide Web},
  pages={533--542},
  year={2006},
  organization={ACM}
}

@inproceedings{mei2008topic,
  title={Topic modeling with network regularization},
  author={Mei, Qiaozhu and Cai, Deng and Zhang, Duo and Zhai, ChengXiang},
  booktitle={Proceedings of the 17th international conference on World Wide Web},
  pages={101--110},
  year={2008},
  organization={ACM}
}

@inproceedings{mei2007topic,
  title={Topic sentiment mixture: modeling facets and opinions in weblogs},
  author={Mei, Qiaozhu and Ling, Xu and Wondra, Matthew and Su, Hang and Zhai, ChengXiang},
  booktitle={Proceedings of the 16th international conference on World Wide Web},
  pages={171--180},
  year={2007},
  organization={ACM}
}

@inproceedings{lin2009joint,
  title={Joint sentiment/topic model for sentiment analysis},
  author={Lin, Chenghua and He, Yulan},
  booktitle={Proceedings of the 18th ACM conference on Information and knowledge management},
  pages={375--384},
  year={2009},
  organization={ACM}
}

@inproceedings{titov2008joint,
  title={A Joint Model of Text and Aspect Ratings for Sentiment Summarization.},
  author={Titov, Ivan and McDonald, Ryan T},
  booktitle={ACL},
  volume={8},
  pages={308--316},
  year={2008},
  organization={Citeseer}
}

@inproceedings{titov2008modeling,
  title={Modeling online reviews with multi-grain topic models},
  author={Titov, Ivan and McDonald, Ryan},
  booktitle={Proceedings of the 17th international conference on World Wide Web},
  pages={111--120},
  year={2008},
  organization={ACM}
}

@inproceedings{lu2011multi,
  title={Multi-aspect sentiment analysis with topic models},
  author={Lu, Bin and Ott, Myle and Cardie, Claire and Tsou, Benjamin K},
  booktitle={Data Mining Workshops (ICDMW), 2011 IEEE 11th International Conference on},
  pages={81--88},
  year={2011},
  organization={IEEE}
}

@inproceedings{jo2011aspect,
  title={Aspect and sentiment unification model for online review analysis},
  author={Jo, Yohan and Oh, Alice H},
  booktitle={Proceedings of the fourth ACM international conference on Web search and data mining},
  pages={815--824},
  year={2011},
  organization={ACM}
}

@inproceedings{li2010sentiment,
  title={Sentiment Analysis with Global Topics and Local Dependency.},
  author={Li, Fangtao and Huang, Minlie and Zhu, Xiaoyan},
  booktitle={AAAI},
  volume={10},
  pages={1371--1376},
  year={2010}
}

@article{si2013exploiting,
  title={Exploiting Topic based Twitter Sentiment for Stock Prediction.},
  author={Si, Jianfeng and Mukherjee, Arjun and Liu, Bing and Li, Qing and Li, Huayi and Deng, Xiaotie},
  journal={ACL (2)},
  volume={2013},
  pages={24--29},
  year={2013}
}


@inproceedings{rosen2004author,
  title={The author-topic model for authors and documents},
  author={Rosen-Zvi, Michal and Griffiths, Thomas and Steyvers, Mark and Smyth, Padhraic},
  booktitle={Proceedings of the 20th conference on Uncertainty in artificial intelligence},
  pages={487--494},
  year={2004},
  organization={AUAI Press}
}

@inproceedings{steyvers2004probabilistic,
  title={Probabilistic author-topic models for information discovery},
  author={Steyvers, Mark and Smyth, Padhraic and Rosen-Zvi, Michal and Griffiths, Thomas},
  booktitle={Proceedings of the tenth ACM SIGKDD international conference on Knowledge discovery and data mining},
  pages={306--315},
  year={2004},
  organization={ACM}
}

@inproceedings{han2012entity,
  title={An entity-topic model for entity linking},
  author={Han, Xianpei and Sun, Le},
  booktitle={Proceedings of the 2012 Joint Conference on Empirical Methods in Natural Language Processing and Computational Natural Language Learning},
  pages={105--115},
  year={2012},
  organization={Association for Computational Linguistics}
}

@inproceedings{newman2006statistical,
  title={Statistical entity-topic models},
  author={Newman, David and Chemudugunta, Chaitanya and Smyth, Padhraic},
  booktitle={Proceedings of the 12th ACM SIGKDD international conference on Knowledge discovery and data mining},
  pages={680--686},
  year={2006},
  organization={ACM}
}

@inproceedings{shu2009latent,
  title={A latent topic model for complete entity resolution},
  author={Shu, Liangcai and Long, Bo and Meng, Weiyi},
  booktitle={Data Engineering, 2009. ICDE'09. IEEE 25th International Conference on},
  pages={880--891},
  year={2009},
  organization={IEEE}
}

@inproceedings{kim2012etm,
  title={Etm: Entity topic models for mining documents associated with entities},
  author={Kim, Hyungsul and Sun, Yizhou and Hockenmaier, Julia and Han, Jiawei},
  booktitle={Data Mining (ICDM), 2012 IEEE 12th International Conference on},
  pages={349--358},
  year={2012},
  organization={IEEE}
 }


@inproceedings{fei2005bayesian,
  title={A bayesian hierarchical model for learning natural scene categories},
  author={Fei-Fei, Li and Perona, Pietro},
  booktitle={Computer Vision and Pattern Recognition, 2005. CVPR 2005. IEEE Computer Society Conference on},
  volume={2},
  pages={524--531},
  year={2005},
  organization={IEEE}
}

@inproceedings{sivic2005discovering,
  title={Discovering objects and their location in images},
  author={Sivic, Josef and Russell, Bryan C and Efros, Alexei A and Zisserman, Andrew and Freeman, William T},
  booktitle={Computer Vision, 2005. ICCV 2005. Tenth IEEE International Conference on},
  volume={1},
  pages={370--377},
  year={2005},
  organization={IEEE}
}

@article{pritchard2000inference,
  title={Inference of population structure using multilocus genotype data},
  author={Pritchard, Jonathan K and Stephens, Matthew and Donnelly, Peter},
  journal={Genetics},
  volume={155},
  number={2},
  pages={945--959},
  year={2000},
  publisher={Genetics Soc America}
}

@phdthesis{erosheva2002grade,
  title={Grade of membership and latent structure models with application to disability survey data},
  author={Erosheva, Elena Aleksandrovna},
  year={2002},
  school={Office of Population Research, Princeton University}
}

@article{jordan1999an,
title={An Introduction to Variational Methods for Graphical Models},
author={Jordan, Michael I and Ghahramani, Zoubin and Jaakkola, Tommi S and Saul, Lawrence K},
journal={Machine Learning},
volume={37},
number={2},
pages={105--161},
year={1999}}

@article{griffiths2004finding,
title={Finding scientific topics},
author={Griffiths, Thomas L and Steyvers, Mark},
journal={Proceedings of the National Academy of Sciences of the United States of America},
volume={101},
pages={5228--5235},
year={2004}}

@article{teh2006a,
title={A collapsed variational Bayesian inference algorithm for latent Dirichlet allocation},
author={Teh, Yee Whye and Newman, David and Welling, Max},
pages={1353--1360},
year={2006}}

@article{porteous2008fast,
title={Fast collapsed gibbs sampling for latent dirichlet allocation},
author={Porteous, Ian and Newman, David and Ihler, Alexander T and Asuncion, Arthur and Smyth, Padhraic and Welling, Max},
pages={569--577},
year={2008}}

@article{ahmed2012scalable,
title={Scalable inference in latent variable models},
author={Ahmed, Amr and Aly, Moahmed and Gonzalez, Joseph and Narayanamurthy, Shravan and Smola, Alexander J},
pages={123--132},
year={2012}}

@article{li2014scaling,
title={Scaling distributed machine learning with the parameter server},
author={Li, Mu and Andersen, David G and Park, Jun Woo and Smola, Alexander J and Ahmed, Amr and Josifovski, Vanja and Long, James and Shekita, Eugene J and Su, Boryiing},
pages={583--598},
year={2014}}
    
@article{yuan2015lightlda,
title={LightLDA: Big Topic Models on Modest Computer Clusters},
author={Yuan, Jinhui and Gao, Fei and Ho, Qirong and Dai, Wei and Wei, Jinliang and Zheng, Xun and Xing, Eric P and Liu, Tieyan and Ma, Weiying},
journal={international world wide web conferences},
pages={1351--1361},
year={2015}}
    
@article{yao2009efficient,
title={Efficient methods for topic model inference on streaming document collections},
author={Yao, Limin and Mimno, David and Mccallum, Andrew},
pages={937--946},
year={2009}}

@article{li2014reducing,
title={Reducing the sampling complexity of topic models},
author={Li, Aaron Q and Ahmed, Amr and Ravi, Sujith and Smola, Alexander J},
pages={891--900},
year={2014}}

@article{mackay2002information,
title={Information theory, inference, and learning algorithms},
author={Mackay, David J C},
journal={IEEE Transactions on Information Theory},
year={2002}}
    
@article{hesterberg2012monte,
title={Monte Carlo Strategies in Scientific Computing},
author={Hesterberg, Tim},
journal={Technometrics},
volume={44},
number={4},
pages={403--404},
year={2012}}
    
@article{mairal2010online,
title={Online Learning for Matrix Factorization and Sparse Coding},
author={Mairal, Julien and Bach, Francis and Ponce, Jean and Sapiro, Guillermo},
journal={Journal of Machine Learning Research},
volume={11},
pages={19--60},
year={2010}}
    
@article{hoffman2010online,
title={Online learning for Latent Dirichlet Allocation},
author={Hoffman, Matthew D and Blei, David M and Bach, Francis},
pages={856--864},
year={2010}}
    
@article{alsumait2008on-line,
title={On-line LDA: Adaptive Topic Models for Mining Text Streams with Applications to Topic Detection and Tracking},
author={Alsumait, Loulwah and Barbara, Daniel and Domeniconi, Carlotta},
pages={3--12},
year={2008}}

@article{smola2010an,
title={An architecture for parallel topic models},
author={Smola, Alexander J and Narayanamurthy, Shravan},
journal={Proceedings of The Vldb Endowment},
volume={3},
pages={703--710},
year={2010}}

@INPROCEEDINGS{Canini_onlineinference,
    author = {Kevin R. Canini and Lei Shi and Helen Wills Neuroscience and Thomas L. Griffiths},
    title = {Online inference of topics with latent Dirichlet allocation},
    booktitle = {In Proceedings of the International Conference on Artificial Intelligence and Statistics},
    year = {},
    pages = {2009}
}

@article{glint,
	title={Web-scale Topic Models in Spark: An Asynchronous Parameter Server},
	author={Jagerman, Rolf and Eickhoff, Carsten},
	journal={arXiv preprint arXiv:1605.07422},
	year={2016}
}

@misc{redis,
 title={Redis project},
 author={Redis},
 howpublished="\url{https://redis.io}"
}


@misc{mahout,
 author={Apache Foundation},
 title={Mahout project},
 year={2012},
 howpublished="\url{http://mahout.apache.org}"
}

@misc{gibbsLda++,
	author={Xuan-Hieu Phan and Cam-Tu Nguyen},
	title={GibbsLDA++: A C/C++ implementation of latent Dirichlet allocation (LDA)},
	year={2007},
	howpublished="\url{http://gibbslda.sourceforge.net/}"
}

@article{sparks2013mli,
title={MLI: An API for Distributed Machine Learning},
author={Sparks, Evan and Talwalkar, Ameet and Smith, Virginia and Kottalam, Jey and Pan, Xinghao and Gonzalez, Joseph and Franklin, Michael J and Jordan, Michael I and Kraska, Tim},
pages={1187--1192},
year={2013}}

@article{vose1991a,
title={A linear algorithm for generating random numbers with a given distribution},
author={Vose, Michael D},
journal={IEEE Transactions on Software Engineering},
volume={17},
number={9},
pages={972--975},
year={1991}}
    
